<?xml version="1.0" encoding="UTF-8"?><collection xmlns="http://www.loc.gov/MARC21/slim"><record><leader>00506nam--2200181-i-4500</leader><controlfield tag="001">000001820</controlfield><controlfield tag="002">20161230</controlfield><controlfield tag="005">20161230201024</controlfield><controlfield tag="008">060222s1000------------r-----000-0-eng-d</controlfield><datafield ind1=" " ind2=" " tag="040"><subfield code="a">IFIN-HH</subfield></datafield><datafield ind1=" " ind2=" " tag="080"><subfield code="a">025</subfield></datafield><datafield ind1="1" ind2=" " tag="100"><subfield code="a">Dougherty, Richard M</subfield></datafield><datafield ind1="1" ind2="0" tag="245"><subfield code="a">Scientific management of library operations</subfield><subfield code="c">Richard m. dougherty, fred j. heinritz</subfield></datafield><datafield ind1=" " ind2=" " tag="260"><subfield code="a">New York</subfield><subfield code="b">The Scarecrow Press, Inc</subfield><subfield code="c">1966</subfield></datafield><datafield ind1=" " ind2=" " tag="300"><subfield code="a">258 P</subfield></datafield><datafield ind1="1" ind2=" " tag="700"><subfield code="a">Heinritz, Fred J</subfield></datafield><datafield ind1=" " ind2=" " tag="852"><subfield code="a">28734</subfield><subfield code="c">02</subfield></datafield><datafield ind1=" " ind2=" " tag="CAT"><subfield code="a">Sys</subfield><subfield code="c">20120808</subfield><subfield code="h">100208</subfield></datafield></record></collection>